%% This BibTeX bibliography file was created using BibDesk.
%% http://bibdesk.sourceforge.net/

%% Created for Daniel Illescas Romero at 2017-11-17 16:27:49 +0100 


%% Saved with string encoding Unicode (UTF-8) 



@url{cppbestpractices,
	Author = {lefticus},
	Date-Added = {2017-11-17 15:27:30 +0000},
	Date-Modified = {2017-11-17 15:27:49 +0000},
	Title = {C++ Best Practices},
	Url = {https://www.gitbook.com/book/lefticus/cpp-best-practices/details}}

@url{Array,
	Author = {Daniel Illescas Romero},
	Date-Added = {2017-11-17 12:25:14 +0000},
	Date-Modified = {2017-11-17 12:27:31 +0000},
	Title = {Array.hpp - Fast \& pretty container for C++},
	Url = {https://github.com/illescasDaniel/Array.hpp},
	Bdsk-Url-1 = {https://github.com/illescasDaniel/Array.hpp}}

@url{cppReference,
	Date-Added = {2017-11-17 12:19:29 +0000},
	Date-Modified = {2017-11-17 12:19:50 +0000},
	Title = {C++ reference},
	Url = {http://en.cppreference.com/},
	Bdsk-Url-1 = {http://en.cppreference.com/}}

@url{indentationStyle,
	Date-Added = {2017-11-17 12:18:31 +0000},
	Date-Modified = {2017-11-17 12:18:45 +0000},
	Title = {Indentation Style},
	Url = {https://en.wikipedia.org/wiki/Indentation_style},
	Bdsk-Url-1 = {https://en.wikipedia.org/wiki/Indentation_style}}

@url{namingConvention,
	Date-Added = {2017-11-17 12:17:58 +0000},
	Date-Modified = {2017-11-17 12:18:14 +0000},
	Title = {Naming Convention},
	Url = {https://en.wikipedia.org/wiki/Naming_convention_(programming)},
	Bdsk-Url-1 = {https://en.wikipedia.org/wiki/Naming_convention_(programming)}}

@url{constexpr,
	Author = {Alex Allain},
	Date-Added = {2017-11-17 12:14:54 +0000},
	Date-Modified = {2017-11-17 12:15:16 +0000},
	Title = {Constexpr - Generalized Constant Expressions in C++11},
	Url = {https://www.cprogramming.com/c++11/c++11-compile-time-processing-with-constexpr.html},
	Bdsk-Url-1 = {https://www.cprogramming.com/c++11/c++11-compile-time-processing-with-constexpr.html}}

@url{posixThreads,
	Date-Added = {2017-11-17 12:13:25 +0000},
	Date-Modified = {2017-11-17 12:14:10 +0000},
	Title = {POSIX thread (pthread) libraries},
	Url = {http://www.yolinux.com/TUTORIALS/LinuxTutorialPosixThreads.html},
	Bdsk-Url-1 = {http://www.yolinux.com/TUTORIALS/LinuxTutorialPosixThreads.html}}

@url{semanticVersioning,
	Author = {Tom Preston-Werner},
	Date-Added = {2017-11-17 12:04:27 +0000},
	Date-Modified = {2017-11-17 12:05:07 +0000},
	Title = {Semantic Versioning},
	Url = {http://semver.org},
	Bdsk-Url-1 = {http://semver.org}}
